@article{exampleref,
  author = {Jim Davies},
  title = {{Preparing an MSc Project Proposal}},
  journal = {What Project? Monthly},
  publisher = {Random House},
  year = {2009}
}

@misc{knuthwebsite,
    author    = "Donald Knuth",
    title     = "Knuth: Computers and Typesetting",
    howpublished       ={\url{http://www-cs-faculty.stanford.edu/\~{}uno/abcde.html}}
}

@misc{algassessment,
    title               = "Algorithm assessment report",
    howpublished        ={\url{https://data.govt.nz/use-data/analyse-data/government-algorithm-transparency-and-accountability/algorithm-assessment-report/}}
}
 
@misc{jail,
    title               = "AI is sending people to jailâ€”and getting it wrong - MIT",
    howpublished        ={\url{https://www.technologyreview.com/s/612775/algorithms-criminal-justice-ai/}}
}

@misc{robot,
    title               = "Coding Your Own Algo-Trading Robot - Investopedia.",
    howpublished        ={\url{https://www.investopedia.com/articles/active-trading/081315/how-code-your-own-algo-trading-robot.asp}}
}

@misc{backtesting,
    title               = "Backtesting - Investopedia.",
    howpublished        ={\url{https://www.investopedia.com/terms/b/backtesting.asp}}
}

@misc{alphago,
    title               = "AlphaGo | DeepMind.",
    howpublished        ={\url{https://deepmind.com/research/alphago/}}
}

@misc{autonomous,
    title               = "Well-funded Autonomous Vehicle Startups | Crunchbase.",
    howpublished        ={\url{https://www.crunchbase.com/lists/well-funded-autonomous-vehicle-startups/f2214864-27b0-47cf-b596-257602ab8145/organization.companies}}
}

@misc{trolley,
    title               = "Trolley problem - Wikipedia.",
    howpublished        ={\url{https://en.wikipedia.org/wiki/Trolley_problem}}
}

@misc{stealuber,
    title               = "Did Uber Steal Google's Intellectual Property? | The New Yorker.",
    howpublished        ={\url{https://www.newyorker.com/magazine/2018/10/22/did-uber-steal-googles-intellectual-property.}}
}

@misc{waymo,
    title               = "Uber and Waymo Settle Autonomous Driving Tech Lawsuit",
    howpublished        ={\url{https://www.wired.com/story/uber-waymo-lawsuit-settlement/.}}
}

@misc{jeopardy,
    title               = "The Triple Jeopardy of Ke Xu, a Chinese Hedge Fund Quant ....",
    howpublished        ={\url{https://www.bloomberg.com/news/features/2018-11-19/the-triple-jeopardy-of-ke-xu-a-chinese-hedge-fund-quant}}
}

@misc{simpleneural,
    title               = "Neural Network - Databricks",
    howpublished        ={\url{https://databricks.com/glossary/neural-network}}
}
